@book{manegold2000multi,
  title={A multi-query optimizer for monet},
  author={Manegold, Stefan and Pellenkoft, Arjan and Kersten, Martin},
  year={2000},
  publisher={Springer}
}

@inproceedings{moerkotte2006analysis,
  title={Analysis of two existing and one new dynamic programming algorithm for the generation of optimal bushy join trees without cross products},
  author={Moerkotte, Guido and Neumann, Thomas},
  booktitle={Proceedings of the 32nd international conference on Very large data bases},
  pages={930--941},
  year={2006},
  organization={VLDB Endowment}
}

@article{ioannidis1991left,
  title={Left-deep vs. bushy trees: An analysis of strategy spaces and its implications for query optimization},
  author={Ioannidis, Yannis E and Kang, Younkyung Cha},
  journal={ACM SIGMOD Record},
  volume={20},
  number={2},
  pages={168--177},
  year={1991},
  publisher={ACM}
}

@book{li2007enabling,
  title={Enabling data retrieval: by ranking and beyond},
  author={Li, Chengkai},
  year={2007},
  publisher={ProQuest}
}

@phdthesis{roy2001multi,
  title={Multi Query Optimization and Applications},
  author={Roy, Prasan},
  year={2001},
  school={PhD thesis, Indian Institute of Technology, Bombay}
}

@phdthesis{bachelor,
  title={Optimizing Join Enumeration in Transformation-based Query Optimizers},
  author={Shanbhag, Anil},
  year={2014},
  school={Bachelor thesis, Indian Institute of Technology, Bombay}
}

@misc{cppreference_2015_clock,
author={En.cppreference.com,},
title={std::chrono::steady\_clock \- cppreference.com},
url={http://en.cppreference.com/w/cpp/chrono/steady_clock},
year={2015}
}

@article{dehaan2007optimal,
  title={Optimal top-down join enumeration (extended version)},
  author={DeHaan, David and Tompa, Frank Wm},
  journal={University of Waterloo, Tech. Rep},
  year={2007},
  publisher={Citeseer}
}

@inproceedings{fender2011new,
  title={A new, highly efficient, and easy to implement top-down join enumeration algorithm},
  author={Fender, Pit and Moerkotte, Guido},
  booktitle={Data Engineering (ICDE), 2011 IEEE 27th International Conference on},
  pages={864--875},
  year={2011},
  organization={IEEE}
}

@inproceedings{fender2012effective,
  title={Effective and robust pruning for top-down join enumeration algorithms},
  author={Fender, Pit and Moerkotte, Guido and Neumann, Thomas and Leis, Viktor},
  booktitle={Data Engineering (ICDE), 2012 IEEE 28th International Conference on},
  pages={414--425},
  year={2012},
  organization={IEEE}
}


@inbook{bruno2011automated,
  title={Automated physical database design and tuning},
  author={Bruno, Nicolas},
  year={2011},
  publisher={CRC Press},
  chapter={Query Optimization in Relational Database Systems}
}

@misc{json11,
  author = {Dropbox},
  title = {json11},
  year = {2015},
  publisher = {GitHub},
  journal = {GitHub repository},
  howpublished = {\url{https://github.com/dropbox/json11}},
  commit = {0193642bf8935388e71872a77a383476155cfd2f}
}

@misc{easylogging,
  author = {easylogging},
  title = {easyloggingpp},
  year = {2015},
  publisher = {GitHub},
  journal = {GitHub repository},
  howpublished = {\url{https://github.com/easylogging/easyloggingpp}},
  commit = {f926802dfbde716d82b64b8ef3c25b7f0fcfec65}
}


@Book{Bellman:1957,
  author =       "Bellman, Richard",
  title =        "Dynamic Programming",
  publisher =    "Princeton University Press",
  year =         "1957",
  address =   "Princeton, NJ, USA",
  edition =   "1",
  url = "http://books.google.com/books?id=fyVtp3EMxasC&pg=PR5&dq=dynamic+programming+richard+e+bellman&client=firefox-a#v=onepage&q=dynamic%20programming%20richard%20e%20bellman&f=false",
  bib2html_rescat = "General RL",
}

@inproceedings{selinger1979access,
  title={Access path selection in a relational database management system},
  author={Selinger, P Griffiths and Astrahan, Morton M and Chamberlin, Donald D and Lorie, Raymond A and Price, Thomas G},
  booktitle={Proceedings of the 1979 ACM SIGMOD international conference on Management of data},
  pages={23--34},
  year={1979},
  organization={ACM}
}

@article{chamberlin1981history,
  title={A history and evaluation of System R},
  author={Chamberlin, Donald D and Astrahan, Morton M and Blasgen, Michael W and Gray, James N and King, W Frank and Lindsay, Bruce G and Lorie, Raymond and Mehl, James W and Price, Thomas G and Putzolu, Franco and others},
  journal={Communications of the ACM},
  volume={24},
  number={10},
  pages={632--646},
  year={1981},
  publisher={ACM}
}


@inproceedings{pellenkoft1997complexity,
  title={The complexity of transformation-based join enumeration},
  author={Pellenkoft, Arjan and Galindo-Legaria, C{\'e}sar A and Kersten, Martin},
  booktitle={VLDB},
  pages={306--315},
  year={1997}
}


@inproceedings{pellenkoft1997complexity,
  title={The complexity of transformation-based join enumeration},
  author={Pellenkoft, Arjan and Galindo-Legaria, C{\'e}sar A and Kersten, Martin},
  booktitle={VLDB},
  pages={306--315},
  year={1997}
}

@misc{dba_oracle2015,
author={Dba-oracle.com,},
title={Oracle de-supports rule-based SQL Optimizer},
url={http://www.dba-oracle.com/oracle_tips_rbo_cbo.htm},
year={2015}
}


@article{wade2012ibm,
  title={IBM Relational Database Systems: The Early Years},
  author={Wade, Bradford W and Chamberlin, Donald D},
  journal={IEEE Annals of the History of Computing},
  volume={34},
  number={4},
  pages={38--48},
  year={2012},
  publisher={IEEE Computer Society}
}

@misc{Oracle2015Basics,
author={Docs.oracle.com,},
title={The Query Optimizer},
url={http://docs.oracle.com/cd/B28359_01/server.111/b28274/optimops.htm#i82005},
year={2015}
}

@misc{Oracle2004Basics,
author={Docs.oracle.com,},
title={The Optimizer},
url={http://docs.oracle.com/cd/A87860_01/doc/server.817/a76992/optimops.htm},
year={2015}
}

@inproceedings{chaudhuri1998overview,
  title={An overview of query optimization in relational systems},
  author={Chaudhuri, Surajit},
  booktitle={Proceedings of the seventeenth ACM SIGACT-SIGMOD-SIGART symposium on Principles of database systems},
  pages={34--43},
  year={1998},
  organization={ACM}
}


@inproceedings{ahmed2006cost,
  title={Cost-based query transformation in Oracle},
  author={Ahmed, Rafi and Lee, Allison and Witkowski, Andrew and Das, Dinesh and Su, Hong and Zait, Mohamed and Cruanes, Thierry},
  booktitle={Proceedings of the 32nd international conference on Very large data bases},
  pages={1026--1036},
  year={2006},
  organization={VLDB Endowment}
}

@misc{unclebob1995,
author={Butunclebob.com,},
title={ArticleS.UncleBob.PrinciplesOfOod},
url={http://butunclebob.com/ArticleS.UncleBob.PrinciplesOfOod},
year={1995}
}

@article{ioannidis1991left,
 author = {Ioannidis, Yannis E. and Kang, Younkyung Cha},
 title = {Left-deep vs. Bushy Trees: An Analysis of Strategy Spaces and Its Implications for Query Optimization},
 journal = {SIGMOD Rec.},
 issue_date = {June 1991},
 volume = {20},
 number = {2},
 month = apr,
 year = {1991},
 issn = {0163-5808},
 pages = {168--177},
 numpages = {10},
 url = {http://doi.acm.org/10.1145/119995.115813},
 doi = {10.1145/119995.115813},
 acmid = {115813},
 publisher = {ACM},
 address = {New York, NY, USA},
} 

@article{manegold2000optimizing,
  title={Optimizing database architecture for the new bottleneck: memory access},
  author={Manegold, Stefan and Boncz, Peter A and Kersten, Martin L},
  journal={The VLDB Journalâ€”The International Journal on Very Large Data Bases},
  volume={9},
  number={3},
  pages={231--246},
  year={2000},
  publisher={Springer-Verlag New York, Inc.}
}
@inproceedings{kanne2006linear,
  title={A linear time algorithm for optimal tree sibling partitioning and approximation algorithms in Natix},
  author={Kanne, Carl-Christian and Moerkotte, Guido},
  booktitle={Proceedings of the 32nd international conference on Very large data bases},
  pages={91--102},
  year={2006},
  organization={VLDB Endowment}
}


@inproceedings{moerkotte2006analysis,
  title={Analysis of two existing and one new dynamic programming algorithm for the generation of optimal bushy join trees without cross products},
  author={Moerkotte, Guido and Neumann, Thomas},
  booktitle={Proceedings of the 32nd international conference on Very large data bases},
  pages={930--941},
  year={2006},
  organization={VLDB Endowment}
}


@article{neumann2009generating,
  title={Generating optimal DAG-structured query evaluation plans},
  author={Neumann, Thomas and Moerkotte, Guido},
  journal={Computer Science-Research and Development},
  volume={24},
  number={3},
  pages={103--117},
  year={2009},
  publisher={Springer}
}


@inproceedings{boncz1998flattening,
  title={Flattening an object algebra to provide performance},
  author={Boncz, Peter and Wilshut, AN and Kersten, Martin L},
  booktitle={Data Engineering, 1998. Proceedings., 14th International Conference on},
  pages={568--577},
  year={1998},
  organization={IEEE}
}



@book{silberschatz1997database,
  title={Database system concepts},
  author={Silberschatz, Abraham and Korth, Henry F and Sudarshan, S},
  volume={4},
  year={1997},
  publisher={McGraw-Hill New York}
}

@article{shanbhag2014optimizing,
  title={Optimizing Join Enumeration in Transformation-based Query Optimizers},
  author={Shanbhag, Anil and Sudarshan, S},
  journal={Proceedings of the VLDB Endowment},
  volume={7},
  number={12},
  year={2014}
}


@book{haas1989extensible,
  title={Extensible query processing in Starburst},
  author={Haas, Laura M and Freytag, Johann Christoph and Lohman, Guy M and Pirahesh, Hamid},
  volume={18},
  number={2},
  year={1989},
  publisher={ACM}
}


@article{lohman1988Starbust,
 author = {Lohman, Guy M.},
 title = {Grammar-like Functional Rules for Representing Query Optimization Alternatives},
 journal = {SIGMOD Rec.},
 issue_date = {June 1988},
 volume = {17},
 number = {3},
 month = jun,
 year = {1988},
 issn = {0163-5808},
 pages = {18--27},
 numpages = {10},
 url = {http://doi.acm.org/10.1145/971701.50204},
 doi = {10.1145/971701.50204},
 acmid = {50204},
 publisher = {ACM},
 address = {New York, NY, USA},
} 



@article{graefe1987exodus,
 author = {Graefe, Goetz and DeWitt, David J.},
 title = {The EXODUS Optimizer Generator},
 journal = {SIGMOD Rec.},
 issue_date = {Dec. 1987},
 volume = {16},
 number = {3},
 month = dec,
 year = {1987},
 issn = {0163-5808},
 pages = {160--172},
 numpages = {13},
 url = {http://doi.acm.org/10.1145/38714.38734},
 doi = {10.1145/38714.38734},
 acmid = {38734},
 publisher = {ACM},
 address = {New York, NY, USA},
} 


@inproceedings{pellenkoft1997duplicate,
  title={Duplicate-Free Generation of Alternatives in Transformation-Based Optimizers.},
  author={Pellenkoft, Arjan and Galindo-Legaria, C{\'e}sar A and Kersten, Martin L},
  booktitle={DASFAA},
  pages={117--124},
  year={1997}
}

@article{carey1990exodus,
  title={The EXODUS extensible DBMS project: An overview},
  author={Carey, Michael J and DeWitt, David J and Graefe, Goetz and Haight, David M and Richardson, Joel E and Schuh, Daniel T and Shekita, Eugene J and Vandenberg, Scott L},
  journal={Readings in object-oriented database systems},
  pages={474--499},
  year={1990},
  publisher={Morgan Kaufmann}
}

@inproceedings{graefe1990parallelizing,
  title={Parallelizing the Volcano database query processor},
  author={Graefe, Goetz},
  booktitle={Compcon Spring'90. Intellectual Leverage. Digest of Papers. Thirty-Fifth IEEE Computer Society International Conference.},
  pages={490--493},
  year={1990},
  organization={IEEE}
}


@book{graefe1990encapsulation,
  title={Encapsulation of parallelism in the Volcano query processing system},
  author={Graefe, Goetz},
  volume={19},
  number={2},
  year={1990},
  publisher={ACM}
}


@inproceedings{graefe1993volcano,
  title={The Volcano optimizer generator: Extensibility and efficient search},
  author={Graefe, Goetz and McKenna, William J},
  booktitle={Data Engineering, 1993. Proceedings. Ninth International Conference on},
  pages={209--218},
  year={1993},
  organization={IEEE}
}

@article{graefe1994volcano,
  title={Volcano-an extensible and parallel query evaluation system},
  author={Graefe, Goetz},
  journal={Knowledge and Data Engineering, IEEE Transactions on},
  volume={6},
  number={1},
  pages={120--135},
  year={1994},
  publisher={IEEE}
}

@inproceedings{graefe1996microsoft,
  title={The Microsoft relational engine},
  author={Graefe, Goetz},
  booktitle={Data Engineering, 1996. Proceedings of the Twelfth International Conference on},
  pages={160--161},
  year={1996},
  organization={IEEE}
}


@article{graefe1995cascades,
  title={The cascades framework for query optimization},
  author={Graefe, Goetz},
  journal={IEEE Data Eng. Bull.},
  volume={18},
  number={3},
  pages={19--29},
  year={1995}
}

@article{astrahan1976system,
  title={System R: relational approach to database management},
  author={Astrahan, Morton M. and Blasgen, Mike W. and Chamberlin, Donald D. and Eswaran, Kapali P. and Gray, JN and Griffiths, Patricia P. and King, W Frank and Lorie, Raymond A. and McJones, Paul R. and Mehl, James W. and others},
  journal={ACM Transactions on Database Systems (TODS)},
  volume={1},
  number={2},
  pages={97--137},
  year={1976},
  publisher={ACM}
}


@article{astrahan1978system,
  title={System R: An architectural update},
  author={Astrahan, MM and Blasgen, MW and Chamberlin, DD and Eswaran, KP and Gray, JN and Griffiths, PP and King, WF and Lorie, RA and McJones, PR and Mehl, JW and others},
  journal={IBM Research Report, RJ2581},
  number={33481},
  year={1978}
}


@misc{oracle2015VMOptions,
author={Oracle.com,},
title={Java HotSpot VM Options},
url={http://www.oracle.com/technetwork/java/javase/tech/vmoptions-jsp-140102.html},
year={2015}
},

@misc{andreasson2015JVM,
author={Andreasson, Eva},
title={JVM performance optimization, Part 3: Garbage collection},
url={http://www.javaworld.com/article/2078645/java-se/jvm-performance-optimization-part-3-garbage-collection.html},
journal={JavaWorld},
year={2015}
}